@article{randomSearch,
author = {James Bergstra and
               Yoshua Bengio},
title = {Random Search for Hyper-Parameter Optimization},
journal = {Random Search for Hyper-Parameter Optimization},
year = {2012},
url = {http://www.jmlr.org/papers/volume13/bergstra12a/bergstra12a.pdf},
}
